<record><leader>00000cas a2200000 a 4500</leader><controlfield tag="001">11445822</controlfield><controlfield tag="008">841203d17841786scucr ne      0    0eng c</controlfield><datafield ind1=" " ind2=" " tag="010"><subfield code="a">sn 84045529 </subfield></datafield><datafield ind1=" " ind2=" " tag="040"><subfield code="a">NPI</subfield><subfield code="b">eng</subfield><subfield code="c">NPI</subfield><subfield code="d">NPA</subfield><subfield code="d">DLC</subfield><subfield code="d">NPX</subfield><subfield code="d">NYS</subfield><subfield code="d">OCL</subfield><subfield code="d">KNP</subfield><subfield code="d">NVK</subfield><subfield code="d">FUG</subfield><subfield code="d">OCL</subfield><subfield code="d">DLC</subfield><subfield code="d">NYS</subfield><subfield code="d">OCLCG</subfield><subfield code="d">KRTAS</subfield><subfield code="d">DLC</subfield><subfield code="d">OCLCQ</subfield><subfield code="d">OCLCA</subfield><subfield code="d">OCLCF</subfield></datafield><datafield ind1=" " ind2=" " tag="012"><subfield code="b">3</subfield></datafield><datafield ind1=" " ind2=" " tag="019"><subfield code="a">10766674</subfield></datafield><datafield ind1=" " ind2=" " tag="042"><subfield code="a">pcc</subfield></datafield><datafield ind1=" " ind2=" " tag="043"><subfield code="a">n-us-sc</subfield></datafield><datafield ind1="0" ind2="0" tag="050"><subfield code="a">Newspaper</subfield></datafield><datafield ind1="0" ind2="4" tag="245"><subfield code="a">The South-Carolina gazette, and public advertiser.</subfield></datafield><datafield ind1="3" ind2="0" tag="246"><subfield code="a">South-Carolina gazette, and the public advertiser</subfield></datafield><datafield ind1=" " ind2=" " tag="260"><subfield code="a">Charleston [S.C.] :</subfield><subfield code="b">Printed by Nathan Childs, &amp; Co.,</subfield><subfield code="c">1784-1786.</subfield></datafield><datafield ind1=" " ind2=" " tag="300"><subfield code="a">v.</subfield></datafield><datafield ind1=" " ind2=" " tag="310"><subfield code="a">Semiweekly</subfield></datafield><datafield ind1=" " ind2=" " tag="321"><subfield code="a">Triweekly,</subfield><subfield code="b">July 12-Nov. 19, 1785</subfield></datafield><datafield ind1="0" ind2=" " tag="362"><subfield code="a">Vol. 2, no. 56 (Mar. 3, 1784)-v. 3, no. 197 (July 9, 1785) ; no. 198 (July 12, 1785)-no. 270 (Jan. 14, 1786).</subfield></datafield><datafield ind1=" " ind2=" " tag="500"><subfield code="a">Issued as: South-Carolina gazette, and the public advertiser, July 12, 1785-Jan. 14, 1786.</subfield></datafield><datafield ind1=" " ind2=" " tag="500"><subfield code="a">Publisher varies: Childs, M'Iver, and Co., Mar. 12, 1785-Jan. 4, 1786 ; Childs &amp; M'Iver, Jan. 7, 1786-</subfield></datafield><datafield ind1=" " ind2=" " tag="515"><subfield code="a">July 16, 1785 and July 19, 1785 both called Vol. 2, no. 200.</subfield></datafield><datafield ind1=" " ind2=" " tag="530"><subfield code="a">Microfilm available from Readex Microprint Corp. as part of the Early American newspapers series.</subfield></datafield><datafield ind1=" " ind2="0" tag="651"><subfield code="a">Charleston (S.C.)</subfield><subfield code="v">Newspapers.</subfield></datafield><datafield ind1=" " ind2="0" tag="651"><subfield code="a">Charleston County (S.C.)</subfield><subfield code="v">Newspapers.</subfield></datafield><datafield ind1=" " ind2="7" tag="655"><subfield code="a">Newspapers.</subfield><subfield code="2">fast</subfield><subfield code="0">(OCoLC)fst01423814</subfield></datafield><datafield ind1=" " ind2="7" tag="651"><subfield code="a">South Carolina</subfield><subfield code="z">Charleston.</subfield><subfield code="2">fast</subfield><subfield code="0">(OCoLC)fst01204603</subfield></datafield><datafield ind1=" " ind2="7" tag="651"><subfield code="a">South Carolina</subfield><subfield code="z">Charleston County.</subfield><subfield code="2">fast</subfield><subfield code="0">(OCoLC)fst01210029</subfield></datafield><datafield ind1="1" ind2=" " tag="700"><subfield code="a">Childs, Nathan,</subfield><subfield code="d">1754?-1787.</subfield></datafield><datafield ind1="1" ind2=" " tag="700"><subfield code="a">Bruce, Robert,</subfield><subfield code="d">-1790.</subfield></datafield><datafield ind1="1" ind2=" " tag="700"><subfield code="a">M'Iver, John,</subfield><subfield code="d">1764?-1801.</subfield></datafield><datafield ind1=" " ind2=" " tag="752"><subfield code="a">United States</subfield><subfield code="b">South Carolina</subfield><subfield code="c">Charleston</subfield><subfield code="d">Charleston.</subfield></datafield><datafield ind1="0" ind2="0" tag="780"><subfield code="t">South-Carolina weekly gazette (Charleston, S.C. : 1783)</subfield><subfield code="w">(DLC)sn 84045495</subfield><subfield code="w">(OCoLC)111445676</subfield></datafield><datafield ind1="0" ind2="0" tag="785"><subfield code="t">Charleston morning post, and daily advertiser</subfield><subfield code="w">(DLC)sn 85042628</subfield><subfield code="w">(OCoLC)12732442</subfield></datafield><datafield ind1=" " ind2=" " tag="938"><subfield code="a">Kirtas Technologies, Inc.</subfield><subfield code="b">KRTS</subfield><subfield code="n">738912</subfield></datafield></record>